<record><leader>00000cas a22000007a 4500</leader><controlfield tag="001">20265926</controlfield><controlfield tag="008">890826d18841886gaudr ne      0    0eng d</controlfield><datafield ind1=" " ind2=" " tag="010"><subfield code="a">sn 89053377 </subfield></datafield><datafield ind1=" " ind2=" " tag="040"><subfield code="a">NLG</subfield><subfield code="b">eng</subfield><subfield code="c">NLG</subfield><subfield code="d">NVF</subfield><subfield code="d">GUA</subfield><subfield code="d">OCLCQ</subfield><subfield code="d">OCLCF</subfield><subfield code="d">OCLCO</subfield></datafield><datafield ind1="1" ind2=" " tag="029"><subfield code="a">AU@</subfield><subfield code="b">000025902358</subfield></datafield><datafield ind1=" " ind2=" " tag="042"><subfield code="a">msc</subfield></datafield><datafield ind1=" " ind2=" " tag="043"><subfield code="a">n-us-ga</subfield></datafield><datafield ind1="0" ind2=" " tag="130"><subfield code="a">Banner-watchman (Athens, Ga. : 1884)</subfield></datafield><datafield ind1="1" ind2="4" tag="245"><subfield code="a">The banner-watchman.</subfield></datafield><datafield ind1="3" ind2="0" tag="246"><subfield code="a">Sunday banner-watchman</subfield></datafield><datafield ind1=" " ind2=" " tag="260"><subfield code="a">Athens, Ga. :</subfield><subfield code="b">T.L. Gantt,</subfield><subfield code="c">[1884-1886]</subfield></datafield><datafield ind1=" " ind2=" " tag="300"><subfield code="a">v.</subfield></datafield><datafield ind1=" " ind2=" " tag="310"><subfield code="a">Daily</subfield></datafield><datafield ind1="1" ind2=" " tag="362"><subfield code="a">Began in 1884?</subfield></datafield><datafield ind1="0" ind2=" " tag="362"><subfield code="a">-Feb. 24, 1886.</subfield></datafield><datafield ind1=" " ind2=" " tag="500"><subfield code="a">On Sunday published as: Sunday banner-watchman, &lt;Aug. 17, 1884&gt;-</subfield></datafield><datafield ind1=" " ind2=" " tag="530"><subfield code="a">Also on microfilm: Athens, Ga. : University of Georgia Libraries.</subfield></datafield><datafield ind1=" " ind2=" " tag="580"><subfield code="a">Weekly ed.: Banner-watchman (Athens, Ga. : 1882), &lt;1884&gt;-1886.</subfield></datafield><datafield ind1=" " ind2=" " tag="588"><subfield code="a">Description based on: Vol. 6, no. 273 (July 23, 1885).</subfield></datafield><datafield ind1=" " ind2="0" tag="651"><subfield code="a">Athens (Ga.)</subfield><subfield code="v">Newspapers.</subfield></datafield><datafield ind1=" " ind2="0" tag="651"><subfield code="a">Clarke County (Ga.)</subfield><subfield code="v">Newspapers.</subfield></datafield><datafield ind1=" " ind2="7" tag="655"><subfield code="a">Newspapers.</subfield><subfield code="2">fast</subfield><subfield code="0">(OCoLC)fst01423814</subfield></datafield><datafield ind1=" " ind2="7" tag="651"><subfield code="a">Georgia</subfield><subfield code="z">Athens.</subfield><subfield code="2">fast</subfield><subfield code="0">(OCoLC)fst01208258</subfield></datafield><datafield ind1=" " ind2="7" tag="651"><subfield code="a">Georgia</subfield><subfield code="z">Clarke County.</subfield><subfield code="2">fast</subfield><subfield code="0">(OCoLC)fst01211777</subfield></datafield><datafield ind1=" " ind2=" " tag="752"><subfield code="a">United States</subfield><subfield code="b">Georgia</subfield><subfield code="c">Clarke</subfield><subfield code="d">Athens.</subfield></datafield><datafield ind1="1" ind2=" " tag="775"><subfield code="t">Banner-watchman (Athens, Ga. : 1882)</subfield><subfield code="w">(DLC)sn 88054100</subfield><subfield code="w">(OCoLC)21767142</subfield></datafield><datafield ind1="0" ind2="0" tag="780"><subfield code="t">Athens banner-watchman (Athens, Ga. : 1882)</subfield><subfield code="w">(DLC)sn 89053945</subfield><subfield code="w">(OCoLC)21224828</subfield></datafield><datafield ind1="0" ind2="0" tag="785"><subfield code="t">Daily banner-watchman</subfield><subfield code="w">(DLC)sn 89053378</subfield><subfield code="w">(OCoLC)20266476</subfield></datafield></record>